@article{Abdalla+2022,
  author        = {Abdalla, Elcio and others},
  title         = {{Cosmology intertwined: A review of the particle physics, astrophysics, and cosmology associated with the cosmological tensions and anomalies}},
  eprint        = {2203.06142},
  archiveprefix = {arXiv},
  primaryclass  = {astro-ph.CO},
  reportnumber  = {FERMILAB-CONF-22-192-SCD},
  doi           = {10.1016/j.jheap.2022.04.002},
  journal       = {JHEAp},
  volume        = {34},
  pages         = {49--211},
  year          = {2022}
}


@article{Abitbol+2017,
  author        = {{Abitbol}, Maximilian H. and {Chluba}, Jens and {Hill}, J. Colin and {Johnson}, Bradley R.},
  title         = {{Prospects for measuring cosmic microwave background spectral distortions in the presence of foregrounds}},
  journal       = {\mnras},
  keywords      = {cosmic background radiation, cosmology: observations, cosmology: theory, Astrophysics - Cosmology and Nongalactic Astrophysics},
  year          = 2017,
  month         = oct,
  volume        = {471},
  number        = {1},
  pages         = {1126-1140},
  doi           = {10.1093/mnras/stx1653},
  archiveprefix = {arXiv},
  eprint        = {1705.01534},
  primaryclass  = {astro-ph.CO},
  adsurl        = {https://ui.adsabs.harvard.edu/abs/2017MNRAS.471.1126A},
  adsnote       = {Provided by the SAO/NASA Astrophysics Data System}
}


@article{Abitbol+2017cmbs4,
  author        = {{Abitbol}, Maximilian H. and {Ahmed}, Zeeshan and {Barron}, Darcy and {Basu Thakur}, Ritoban and {Bender}, Amy N. and {Benson}, Bradford A. and {Bischoff}, Colin A. and {Bryan}, Sean A. and {Carlstrom}, John E. and {Chang}, Clarence L. and {Chuss}, David T. and {Crowley}, Kevin T. and {Cukierman}, Ari and {de Haan}, Tijmen and {Dobbs}, Matt and {Essinger-Hileman}, Tom and {Filippini}, Jeffrey P. and {Ganga}, Ken and {Gudmundsson}, Jon E. and {Halverson}, Nils W. and {Hanany}, Shaul and {Henderson}, Shawn W. and {Hill}, Charles A. and {Ho}, Shuay-Pwu P. and {Hubmayr}, Johannes and {Irwin}, Kent and {Jeong}, Oliver and {Johnson}, Bradley R. and {Kernasovskiy}, Sarah A. and {Kovac}, John M. and {Kusaka}, Akito and {Lee}, Adrian T. and {Maria}, Salatino and {Mauskopf}, Philip and {McMahon}, Jeff J. and {Moncelsi}, Lorenzo and {Nadolski}, Andrew W. and {Nagy}, Johanna M. and {Niemack}, Michael D. and {O'Brient}, Roger C. and {Padin}, Stephen and {Parshley}, Stephen C. and {Pryke}, Clement and {Roe}, Natalie A. and {Rostem}, Karwan and {Ruhl}, John and {Simon}, Sara M. and {Staggs}, Suzanne T. and {Suzuki}, Aritoki and {Switzer}, Eric R. and {Tajima}, Osamu and {Thompson}, Keith L. and {Timbie}, Peter and {Tucker}, Gregory S. and {Vieira}, Joaquin D. and {Vieregg}, Abigail G. and {Westbrook}, Benjamin and {Wollack}, Edward J. and {Yoon}, Ki Won and {Young}, Karl S. and {Young}, Edward Y.},
  title         = {{CMB-S4 Technology Book, First Edition}},
  journal       = {arXiv e-prints},
  keywords      = {Astrophysics - Instrumentation and Methods for Astrophysics},
  year          = 2017,
  month         = jun,
  eid           = {arXiv:1706.02464},
  pages         = {arXiv:1706.02464},
  doi           = {10.48550/arXiv.1706.02464},
  archiveprefix = {arXiv},
  eprint        = {1706.02464},
  primaryclass  = {astro-ph.IM},
  adsurl        = {https://ui.adsabs.harvard.edu/abs/2017arXiv170602464A},
  adsnote       = {Provided by the SAO/NASA Astrophysics Data System}
}


@article{Abramo+2010,
  author        = {{Abramo}, L. Raul and {Reimberg}, Paulo H. and {Xavier}, Henrique S.},
  title         = {{CMB in a box: Causal structure and the Fourier-Bessel expansion}},
  journal       = {\prd},
  keywords      = {98.80.-k, 98.70.Vc, 98.80.Es, Cosmology, Background radiations, Observational cosmology, Astrophysics - Cosmology and Nongalactic Astrophysics, General Relativity and Quantum Cosmology},
  year          = 2010,
  month         = aug,
  volume        = {82},
  number        = {4},
  eid           = {043510},
  pages         = {043510},
  doi           = {10.1103/PhysRevD.82.043510},
  archiveprefix = {arXiv},
  eprint        = {1005.0563},
  primaryclass  = {astro-ph.CO},
  adsurl        = {https://ui.adsabs.harvard.edu/abs/2010PhRvD..82d3510A},
  adsnote       = {Provided by the SAO/NASA Astrophysics Data System}
}


@article{AlcockPacynski1979,
  author   = {{Alcock}, C. and {Paczynski}, B.},
  title    = {{An evolution free test for non-zero cosmological constant}},
  journal  = {\nat},
  keywords = {Astrophysics},
  year     = 1979,
  month    = oct,
  volume   = {281},
  pages    = {358},
  doi      = {10.1038/281358a0},
  adsurl   = {https://ui.adsabs.harvard.edu/abs/1979Natur.281..358A},
  adsnote  = {Provided by the SAO/NASA Astrophysics Data System}
}


@article{Astropy+2013,
  author        = {{Astropy Collaboration} and {Robitaille}, Thomas P. and {Tollerud}, Erik J. and {Greenfield}, Perry and {Droettboom}, Michael and {Bray}, Erik and {Aldcroft}, Tom and {Davis}, Matt and {Ginsburg}, Adam and {Price-Whelan}, Adrian M. and {Kerzendorf}, Wolfgang E. and {Conley}, Alexander and {Crighton}, Neil and {Barbary}, Kyle and {Muna}, Demitri and {Ferguson}, Henry and {Grollier}, Fr{\'e}d{\'e}ric and {Parikh}, Madhura M. and {Nair}, Prasanth H. and {Unther}, Hans M. and {Deil}, Christoph and {Woillez}, Julien and {Conseil}, Simon and {Kramer}, Roban and {Turner}, James E.~H. and {Singer}, Leo and {Fox}, Ryan and {Weaver}, Benjamin A. and {Zabalza}, Victor and {Edwards}, Zachary I. and {Azalee Bostroem}, K. and {Burke}, D.~J. and {Casey}, Andrew R. and {Crawford}, Steven M. and {Dencheva}, Nadia and {Ely}, Justin and {Jenness}, Tim and {Labrie}, Kathleen and {Lim}, Pey Lian and {Pierfederici}, Francesco and {Pontzen}, Andrew and {Ptak}, Andy and {Refsdal}, Brian and {Servillat}, Mathieu and {Streicher}, Ole},
  title         = {{Astropy: A community Python package for astronomy}},
  journal       = {\aap},
  keywords      = {methods: data analysis, methods: miscellaneous, virtual observatory tools, Astrophysics - Instrumentation and Methods for Astrophysics},
  year          = 2013,
  month         = oct,
  volume        = {558},
  eid           = {A33},
  pages         = {A33},
  doi           = {10.1051/0004-6361/201322068},
  archiveprefix = {arXiv},
  eprint        = {1307.6212},
  primaryclass  = {astro-ph.IM},
  adsurl        = {https://ui.adsabs.harvard.edu/abs/2013A&A...558A..33A},
  adsnote       = {Provided by the SAO/NASA Astrophysics Data System}
}


@article{Astropy+2018,
  author        = {{Astropy Collaboration} and {Price-Whelan}, A.~M. and {Sip{\H{o}}cz}, B.~M. and {G{\"u}nther}, H.~M. and {Lim}, P.~L. and {Crawford}, S.~M. and {Conseil}, S. and {Shupe}, D.~L. and {Craig}, M.~W. and {Dencheva}, N. and {Ginsburg}, A. and {VanderPlas}, J.~T. and {Bradley}, L.~D. and {P{\'e}rez-Su{\'a}rez}, D. and {de Val-Borro}, M. and {Aldcroft}, T.~L. and {Cruz}, K.~L. and {Robitaille}, T.~P. and {Tollerud}, E.~J. and {Ardelean}, C. and {Babej}, T. and {Bach}, Y.~P. and {Bachetti}, M. and {Bakanov}, A.~V. and {Bamford}, S.~P. and {Barentsen}, G. and {Barmby}, P. and {Baumbach}, A. and {Berry}, K.~L. and {Biscani}, F. and {Boquien}, M. and {Bostroem}, K.~A. and {Bouma}, L.~G. and {Brammer}, G.~B. and {Bray}, E.~M. and {Breytenbach}, H. and {Buddelmeijer}, H. and {Burke}, D.~J. and {Calderone}, G. and {Cano Rodr{\'\i}guez}, J.~L. and {Cara}, M. and {Cardoso}, J.~V.~M. and {Cheedella}, S. and {Copin}, Y. and {Corrales}, L. and {Crichton}, D. and {D'Avella}, D. and {Deil}, C. and {Depagne}, {\'E}. and {Dietrich}, J.~P. and {Donath}, A. and {Droettboom}, M. and {Earl}, N. and {Erben}, T. and {Fabbro}, S. and {Ferreira}, L.~A. and {Finethy}, T. and {Fox}, R.~T. and {Garrison}, L.~H. and {Gibbons}, S.~L.~J. and {Goldstein}, D.~A. and {Gommers}, R. and {Greco}, J.~P. and {Greenfield}, P. and {Groener}, A.~M. and {Grollier}, F. and {Hagen}, A. and {Hirst}, P. and {Homeier}, D. and {Horton}, A.~J. and {Hosseinzadeh}, G. and {Hu}, L. and {Hunkeler}, J.~S. and {Ivezi{\'c}}, {\v{Z}}. and {Jain}, A. and {Jenness}, T. and {Kanarek}, G. and {Kendrew}, S. and {Kern}, N.~S. and {Kerzendorf}, W.~E. and {Khvalko}, A. and {King}, J. and {Kirkby}, D. and {Kulkarni}, A.~M. and {Kumar}, A. and {Lee}, A. and {Lenz}, D. and {Littlefair}, S.~P. and {Ma}, Z. and {Macleod}, D.~M. and {Mastropietro}, M. and {McCully}, C. and {Montagnac}, S. and {Morris}, B.~M. and {Mueller}, M. and {Mumford}, S.~J. and {Muna}, D. and {Murphy}, N.~A. and {Nelson}, S. and {Nguyen}, G.~H. and {Ninan}, J.~P. and {N{\"o}the}, M. and {Ogaz}, S. and {Oh}, S. and {Parejko}, J.~K. and {Parley}, N. and {Pascual}, S. and {Patil}, R. and {Patil}, A.~A. and {Plunkett}, A.~L. and {Prochaska}, J.~X. and {Rastogi}, T. and {Reddy Janga}, V. and {Sabater}, J. and {Sakurikar}, P. and {Seifert}, M. and {Sherbert}, L.~E. and {Sherwood-Taylor}, H. and {Shih}, A.~Y. and {Sick}, J. and {Silbiger}, M.~T. and {Singanamalla}, S. and {Singer}, L.~P. and {Sladen}, P.~H. and {Sooley}, K.~A. and {Sornarajah}, S. and {Streicher}, O. and {Teuben}, P. and {Thomas}, S.~W. and {Tremblay}, G.~R. and {Turner}, J.~E.~H. and {Terr{\'o}n}, V. and {van Kerkwijk}, M.~H. and {de la Vega}, A. and {Watkins}, L.~L. and {Weaver}, B.~A. and {Whitmore}, J.~B. and {Woillez}, J. and {Zabalza}, V. and {Astropy Contributors}},
  title         = {{The Astropy Project: Building an Open-science Project and Status of the v2.0 Core Package}},
  journal       = {\aj},
  keywords      = {methods: data analysis, methods: miscellaneous, methods: statistical, reference systems, Astrophysics - Instrumentation and Methods for Astrophysics},
  year          = 2018,
  month         = sep,
  volume        = {156},
  number        = {3},
  eid           = {123},
  pages         = {123},
  doi           = {10.3847/1538-3881/aabc4f},
  archiveprefix = {arXiv},
  eprint        = {1801.02634},
  primaryclass  = {astro-ph.IM},
  adsurl        = {https://ui.adsabs.harvard.edu/abs/2018AJ....156..123A},
  adsnote       = {Provided by the SAO/NASA Astrophysics Data System}
}


@article{Astropy+2022,
  author        = {{Astropy Collaboration} and {Price-Whelan}, Adrian M. and {Lim}, Pey Lian and {Earl}, Nicholas and {Starkman}, Nathaniel and {Bradley}, Larry and {Shupe}, David L. and {Patil}, Aarya A. and {Corrales}, Lia and {Brasseur}, C.~E. and {N{\"o}the}, Maximilian and {Donath}, Axel and {Tollerud}, Erik and {Morris}, Brett M. and {Ginsburg}, Adam and {Vaher}, Eero and {Weaver}, Benjamin A. and {Tocknell}, James and {Jamieson}, William and {van Kerkwijk}, Marten H. and {Robitaille}, Thomas P. and {Merry}, Bruce and {Bachetti}, Matteo and {G{\"u}nther}, H. Moritz and {Aldcroft}, Thomas L. and {Alvarado-Montes}, Jaime A. and {Archibald}, Anne M. and {B{\'o}di}, Attila and {Bapat}, Shreyas and {Barentsen}, Geert and {Baz{\'a}n}, Juanjo and {Biswas}, Manish and {Boquien}, M{\'e}d{\'e}ric and {Burke}, D.~J. and {Cara}, Daria and {Cara}, Mihai and {Conroy}, Kyle E. and {Conseil}, Simon and {Craig}, Matthew W. and {Cross}, Robert M. and {Cruz}, Kelle L. and {D'Eugenio}, Francesco and {Dencheva}, Nadia and {Devillepoix}, Hadrien A.~R. and {Dietrich}, J{\"o}rg P. and {Eigenbrot}, Arthur Davis and {Erben}, Thomas and {Ferreira}, Leonardo and {Foreman-Mackey}, Daniel and {Fox}, Ryan and {Freij}, Nabil and {Garg}, Suyog and {Geda}, Robel and {Glattly}, Lauren and {Gondhalekar}, Yash and {Gordon}, Karl D. and {Grant}, David and {Greenfield}, Perry and {Groener}, Austen M. and {Guest}, Steve and {Gurovich}, Sebastian and {Handberg}, Rasmus and {Hart}, Akeem and {Hatfield-Dodds}, Zac and {Homeier}, Derek and {Hosseinzadeh}, Griffin and {Jenness}, Tim and {Jones}, Craig K. and {Joseph}, Prajwel and {Kalmbach}, J. Bryce and {Karamehmetoglu}, Emir and {Ka{\l}uszy{\'n}ski}, Miko{\l}aj and {Kelley}, Michael S.~P. and {Kern}, Nicholas and {Kerzendorf}, Wolfgang E. and {Koch}, Eric W. and {Kulumani}, Shankar and {Lee}, Antony and {Ly}, Chun and {Ma}, Zhiyuan and {MacBride}, Conor and {Maljaars}, Jakob M. and {Muna}, Demitri and {Murphy}, N.~A. and {Norman}, Henrik and {O'Steen}, Richard and {Oman}, Kyle A. and {Pacifici}, Camilla and {Pascual}, Sergio and {Pascual-Granado}, J. and {Patil}, Rohit R. and {Perren}, Gabriel I. and {Pickering}, Timothy E. and {Rastogi}, Tanuj and {Roulston}, Benjamin R. and {Ryan}, Daniel F. and {Rykoff}, Eli S. and {Sabater}, Jose and {Sakurikar}, Parikshit and {Salgado}, Jes{\'u}s and {Sanghi}, Aniket and {Saunders}, Nicholas and {Savchenko}, Volodymyr and {Schwardt}, Ludwig and {Seifert-Eckert}, Michael and {Shih}, Albert Y. and {Jain}, Anany Shrey and {Shukla}, Gyanendra and {Sick}, Jonathan and {Simpson}, Chris and {Singanamalla}, Sudheesh and {Singer}, Leo P. and {Singhal}, Jaladh and {Sinha}, Manodeep and {Sip{\H{o}}cz}, Brigitta M. and {Spitler}, Lee R. and {Stansby}, David and {Streicher}, Ole and {{\v{S}}umak}, Jani and {Swinbank}, John D. and {Taranu}, Dan S. and {Tewary}, Nikita and {Tremblay}, Grant R. and {de Val-Borro}, Miguel and {Van Kooten}, Samuel J. and {Vasovi{\'c}}, Zlatan and {Verma}, Shresth and {de Miranda Cardoso}, Jos{\'e} Vin{\'\i}cius and {Williams}, Peter K.~G. and {Wilson}, Tom J. and {Winkel}, Benjamin and {Wood-Vasey}, W.~M. and {Xue}, Rui and {Yoachim}, Peter and {Zhang}, Chen and {Zonca}, Andrea and {Astropy Project Contributors}},
  title         = {{The Astropy Project: Sustaining and Growing a Community-oriented Open-source Project and the Latest Major Release (v5.0) of the Core Package}},
  journal       = {\apj},
  keywords      = {Astronomy software, Open source software, Astronomy data analysis, 1855, 1866, 1858, Astrophysics - Instrumentation and Methods for Astrophysics},
  year          = 2022,
  month         = aug,
  volume        = {935},
  number        = {2},
  eid           = {167},
  pages         = {167},
  doi           = {10.3847/1538-4357/ac7c74},
  archiveprefix = {arXiv},
  eprint        = {2206.14220},
  primaryclass  = {astro-ph.IM},
  adsurl        = {https://ui.adsabs.harvard.edu/abs/2022ApJ...935..167A},
  adsnote       = {Provided by the SAO/NASA Astrophysics Data System}
}


@book{Baumann2022,
  title     = {Cosmology},
  author    = {Baumann, Daniel},
  publisher = {Cambridge University Press},
  month     = jun,
  year      = 2022,
  address   = {Cambridge, England},
  language  = {en}
}


@article{Chluba+2012,
  author        = {{Chluba}, J. and {Khatri}, R. and {Sunyaev}, R.~A.},
  title         = {{CMB at 2 {\texttimes} 2 order: the dissipation of primordial acoustic waves and the observable part of the associated energy release}},
  journal       = {\mnras},
  keywords      = {cosmic background radiation, cosmology: observations, cosmology: theory, Astrophysics - Cosmology and Nongalactic Astrophysics, General Relativity and Quantum Cosmology, High Energy Physics - Theory},
  year          = 2012,
  month         = sep,
  volume        = {425},
  number        = {2},
  pages         = {1129-1169},
  doi           = {10.1111/j.1365-2966.2012.21474.x},
  archiveprefix = {arXiv},
  eprint        = {1202.0057},
  primaryclass  = {astro-ph.CO},
  adsurl        = {https://ui.adsabs.harvard.edu/abs/2012MNRAS.425.1129C},
  adsnote       = {Provided by the SAO/NASA Astrophysics Data System}
}


@article{Chluba+2022,
  author        = {{Chluba}, Jens and {Ravenni}, Andrea and {Kite}, Thomas},
  title         = {{Spectro-spatial evolution of the CMB II: generalised Boltzmann hierarchy}},
  journal       = {arXiv e-prints},
  keywords      = {Astrophysics - Cosmology and Nongalactic Astrophysics},
  year          = 2022,
  month         = oct,
  eid           = {arXiv:2210.15308},
  pages         = {arXiv:2210.15308},
  doi           = {10.48550/arXiv.2210.15308},
  archiveprefix = {arXiv},
  eprint        = {2210.15308},
  primaryclass  = {astro-ph.CO},
  adsurl        = {https://ui.adsabs.harvard.edu/abs/2022arXiv221015308C},
  adsnote       = {Provided by the SAO/NASA Astrophysics Data System}
}


@article{Chluba2016,
  author        = {{Chluba}, Jens},
  title         = {{Which spectral distortions does {\ensuremath{\Lambda}}CDM actually predict?}},
  journal       = {\mnras},
  keywords      = {cosmology: observations, cosmology: theory, Astrophysics - Cosmology and Nongalactic Astrophysics},
  year          = 2016,
  month         = jul,
  volume        = {460},
  number        = {1},
  pages         = {227-239},
  doi           = {10.1093/mnras/stw945},
  archiveprefix = {arXiv},
  eprint        = {1603.02496},
  primaryclass  = {astro-ph.CO},
  adsurl        = {https://ui.adsabs.harvard.edu/abs/2016MNRAS.460..227C},
  adsnote       = {Provided by the SAO/NASA Astrophysics Data System}
}


@article{ChlubaSunyaev2004,
  author        = {{Chluba}, J. and {Sunyaev}, R.~A.},
  title         = {{Superposition of blackbodies and the dipole anisotropy: A possibility to calibrate CMB experiments}},
  journal       = {\aap},
  keywords      = {cosmology: cosmic microwave background, cosmology: observations, Astrophysics},
  year          = 2004,
  month         = sep,
  volume        = {424},
  pages         = {389-408},
  doi           = {10.1051/0004-6361:20041016},
  archiveprefix = {arXiv},
  eprint        = {astro-ph/0404067},
  primaryclass  = {astro-ph},
  adsurl        = {https://ui.adsabs.harvard.edu/abs/2004A&A...424..389C},
  adsnote       = {Provided by the SAO/NASA Astrophysics Data System}
}


@article{CLASS1,
  author        = {{Lesgourgues}, Julien},
  title         = {{The Cosmic Linear Anisotropy Solving System (CLASS) I: Overview}},
  journal       = {arXiv e-prints},
  keywords      = {Astrophysics - Instrumentation and Methods for Astrophysics, Astrophysics - Cosmology and Extragalactic Astrophysics},
  year          = 2011,
  month         = apr,
  eid           = {arXiv:1104.2932},
  pages         = {arXiv:1104.2932},
  doi           = {10.48550/arXiv.1104.2932},
  archiveprefix = {arXiv},
  eprint        = {1104.2932},
  primaryclass  = {astro-ph.IM},
  adsurl        = {https://ui.adsabs.harvard.edu/abs/2011arXiv1104.2932L},
  adsnote       = {Provided by the SAO/NASA Astrophysics Data System}
}


@article{CLASS2,
  author        = {{Blas}, Diego and {Lesgourgues}, Julien and {Tram}, Thomas},
  title         = {{The Cosmic Linear Anisotropy Solving System (CLASS). Part II: Approximation schemes}},
  journal       = {\jcap},
  keywords      = {Astrophysics - Cosmology and Nongalactic Astrophysics},
  year          = 2011,
  month         = jul,
  volume        = {2011},
  number        = {7},
  eid           = {034},
  pages         = {034},
  doi           = {10.1088/1475-7516/2011/07/034},
  archiveprefix = {arXiv},
  eprint        = {1104.2933},
  primaryclass  = {astro-ph.CO},
  adsurl        = {https://ui.adsabs.harvard.edu/abs/2011JCAP...07..034B},
  adsnote       = {Provided by the SAO/NASA Astrophysics Data System}
}

@article{CMBS42019,
  author        = {{Abazajian}, Kevork and {Addison}, Graeme and {Adshead}, Peter and {Ahmed}, Zeeshan and {Allen}, Steven W. and {Alonso}, David and {Alvarez}, Marcelo and {Anderson}, Adam and {Arnold}, Kam S. and {Baccigalupi}, Carlo and {Bailey}, Kathy and {Barkats}, Denis and {Barron}, Darcy and {Barry}, Peter S. and {Bartlett}, James G. and {Basu Thakur}, Ritoban and {Battaglia}, Nicholas and {Baxter}, Eric and {Bean}, Rachel and {Bebek}, Chris and {Bender}, Amy N. and {Benson}, Bradford A. and {Berger}, Edo and {Bhimani}, Sanah and {Bischoff}, Colin A. and {Bleem}, Lindsey and {Bocquet}, Sebastian and {Boddy}, Kimberly and {Bonato}, Matteo and {Bond}, J. Richard and {Borrill}, Julian and {Bouchet}, Fran{\c{c}}ois R. and {Brown}, Michael L. and {Bryan}, Sean and {Burkhart}, Blakesley and {Buza}, Victor and {Byrum}, Karen and {Calabrese}, Erminia and {Calafut}, Victoria and {Caldwell}, Robert and {Carlstrom}, John E. and {Carron}, Julien and {Cecil}, Thomas and {Challinor}, Anthony and {Chang}, Clarence L. and {Chinone}, Yuji and {Cho}, Hsiao-Mei Sherry and {Cooray}, Asantha and {Crawford}, Thomas M. and {Crites}, Abigail and {Cukierman}, Ari and {Cyr-Racine}, Francis-Yan and {de Haan}, Tijmen and {de Zotti}, Gianfranco and {Delabrouille}, Jacques and {Demarteau}, Marcel and {Devlin}, Mark and {Di Valentino}, Eleonora and {Dobbs}, Matt and {Duff}, Shannon and {Duivenvoorden}, Adriaan and {Dvorkin}, Cora and {Edwards}, William and {Eimer}, Joseph and {Errard}, Josquin and {Essinger-Hileman}, Thomas and {Fabbian}, Giulio and {Feng}, Chang and {Ferraro}, Simone and {Filippini}, Jeffrey P. and {Flauger}, Raphael and {Flaugher}, Brenna and {Fraisse}, Aurelien A. and {Frolov}, Andrei and {Galitzki}, Nicholas and {Galli}, Silvia and {Ganga}, Ken and {Gerbino}, Martina and {Gilchriese}, Murdock and {Gluscevic}, Vera and {Green}, Daniel and {Grin}, Daniel and {Grohs}, Evan and {Gualtieri}, Riccardo and {Guarino}, Victor and {Gudmundsson}, Jon E. and {Habib}, Salman and {Haller}, Gunther and {Halpern}, Mark and {Halverson}, Nils W. and {Hanany}, Shaul and {Harrington}, Kathleen and {Hasegawa}, Masaya and {Hasselfield}, Matthew and {Hazumi}, Masashi and {Heitmann}, Katrin and {Henderson}, Shawn and {Henning}, Jason W. and {Hill}, J. Colin and {Hlozek}, Ren{\'e}e and {Holder}, Gil and {Holzapfel}, William and {Hubmayr}, Johannes and {Huffenberger}, Kevin M. and {Huffer}, Michael and {Hui}, Howard and {Irwin}, Kent and {Johnson}, Bradley R. and {Johnstone}, Doug and {Jones}, William C. and {Karkare}, Kirit and {Katayama}, Nobuhiko and {Kerby}, James and {Kernovsky}, Sarah and {Keskitalo}, Reijo and {Kisner}, Theodore and {Knox}, Lloyd and {Kosowsky}, Arthur and {Kovac}, John and {Kovetz}, Ely D. and {Kuhlmann}, Steve and {Kuo}, Chao-lin and {Kurita}, Nadine and {Kusaka}, Akito and {Lahteenmaki}, Anne and {Lawrence}, Charles R. and {Lee}, Adrian T. and {Lewis}, Antony and {Li}, Dale and {Linder}, Eric and {Loverde}, Marilena and {Lowitz}, Amy and {Madhavacheril}, Mathew S. and {Mantz}, Adam and {Matsuda}, Frederick and {Mauskopf}, Philip and {McMahon}, Jeff and {McQuinn}, Matthew and {Meerburg}, P. Daniel and {Melin}, Jean-Baptiste and {Meyers}, Joel and {Millea}, Marius and {Mohr}, Joseph and {Moncelsi}, Lorenzo and {Mroczkowski}, Tony and {Mukherjee}, Suvodip and {M{\"u}nchmeyer}, Moritz and {Nagai}, Daisuke and {Nagy}, Johanna and {Namikawa}, Toshiya and {Nati}, Federico and {Natoli}, Tyler and {Negrello}, Mattia and {Newburgh}, Laura and {Niemack}, Michael D. and {Nishino}, Haruki and {Nordby}, Martin and {Novosad}, Valentine and {O'Connor}, Paul and {Obied}, Georges and {Padin}, Stephen and {Pandey}, Shivam and {Partridge}, Bruce and {Pierpaoli}, Elena and {Pogosian}, Levon and {Pryke}, Clement and {Puglisi}, Giuseppe and {Racine}, Benjamin and {Raghunathan}, Srinivasan and {Rahlin}, Alexandra and {Rajagopalan}, Srini and {Raveri}, Marco and {Reichanadter}, Mark and {Reichardt}, Christian L. and {Remazeilles}, Mathieu and {Rocha}, Graca and {Roe}, Natalie A. and {Roy}, Anirban and {Ruhl}, John and {Salatino}, Maria and {Saliwanchik}, Benjamin and {Schaan}, Emmanuel and {Schillaci}, Alessandro and {Schmittfull}, Marcel M. and {Scott}, Douglas and {Sehgal}, Neelima and {Shandera}, Sarah and {Sheehy}, Christopher and {Sherwin}, Blake D. and {Shirokoff}, Erik and {Simon}, Sara M. and {Slosar}, Anze and {Somerville}, Rachel and {Spergel}, David and {Staggs}, Suzanne T. and {Stark}, Antony and {Stompor}, Radek and {Story}, Kyle T. and {Stoughton}, Chris and {Suzuki}, Aritoki and {Tajima}, Osamu and {Teply}, Grant P. and {Thompson}, Keith and {Timbie}, Peter and {Tomasi}, Maurizio and {Treu}, Jesse I. and {Tristram}, Matthieu and {Tucker}, Gregory and {Umilt{\`a}}, Caterina and {van Engelen}, Alexander and {Vieira}, Joaquin D. and {Vieregg}, Abigail G. and {Vogelsberger}, Mark and {Wang}, Gensheng and {Watson}, Scott and {White}, Martin and {Whitehorn}, Nathan and {Wollack}, Edward J. and {Kimmy Wu}, W.~L. and {Xu}, Zhilei and {Yasini}, Siavash and {Yeck}, James and {Yoon}, Ki Won and {Young}, Edward and {Zonca}, Andrea},
  title         = {{CMB-S4 Science Case, Reference Design, and Project Plan}},
  journal       = {arXiv e-prints},
  keywords      = {Astrophysics - Instrumentation and Methods for Astrophysics, Astrophysics - Astrophysics of Galaxies, High Energy Physics - Experiment},
  year          = 2019,
  month         = jul,
  eid           = {arXiv:1907.04473},
  pages         = {arXiv:1907.04473},
  doi           = {10.48550/arXiv.1907.04473},
  archiveprefix = {arXiv},
  eprint        = {1907.04473},
  primaryclass  = {astro-ph.IM},
  adsurl        = {https://ui.adsabs.harvard.edu/abs/2019arXiv190704473A},
  adsnote       = {Provided by the SAO/NASA Astrophysics Data System}
}


@misc{cosmology-api,
  author    = {Starkman, Nathaniel and
               Tessore, Nicolas},
  title     = {cosmology-api/cosmology.api},
  month     = may,
  year      = 2023,
  publisher = {Zenodo},
  version   = {v0.1},
  doi       = {10.5281/zenodo.8331505},
  url       = {https://doi.org/10.5281/zenodo.8331505}
}


@article{Coulton+2018,
  author        = {{Coulton}, William R. and {Aiola}, Simone and {Battaglia}, Nicholas and {Calabrese}, Erminia and {Choi}, Steve K. and {Devlin}, Mark J. and {Gallardo}, Patricio A. and {Hill}, J. Colin and {Hincks}, Adam D. and {Hubmayr}, Johannes and {Hughes}, John P. and {Kosowsky}, Arthur and {Louis}, Thibaut and {Madhavacheril}, Mathew S. and {Maurin}, Lo\{{\"\i}c and {Naess}, Sigurd and {Nati}, Federico and {Niemack}, Michael D. and {Page}, Lyman A. and {Partridge}, Bruce and {Sherwin}, Blake D. and {Spergel}, David N. and {Staggs}, Suzanne T. and {Van Engelen}, Alexander and {Wollack}, Edward J.}},
  title         = {Non-Gaussianity of secondary anisotropies from ACTPol and Planck},
  journal       = {\jcap},
  keywords      = {Astrophysics - Cosmology and Nongalactic Astrophysics},
  year          = 2018,
  month         = sep,
  volume        = {2018},
  number        = {9},
  eid           = {022},
  pages         = {022},
  doi           = {10.1088/1475-7516/2018/09/022},
  archiveprefix = {arXiv},
  eprint        = {1711.07879},
  primaryclass  = {astro-ph.CO},
  adsurl        = {https://ui.adsabs.harvard.edu/abs/2018JCAP...09..022C},
  adsnote       = {Provided by the SAO/NASA Astrophysics Data System}
}


@article{Coulton+2023,
  author        = {{Coulton}, William R. and {Madhavacheril}, Mathew S. and {Duivenvoorden}, Adriaan J. and {Hill}, J. Colin and {Abril-Cabezas}, Irene and {Ade}, Peter A.~R. and {Aiola}, Simone and {Alford}, Tommy and {Amiri}, Mandana and {Amodeo}, Stefania and {An}, Rui and {Atkins}, Zachary and {Austermann}, Jason E. and {Battaglia}, Nicholas and {Battistelli}, Elia Stefano and {Beall}, James A. and {Bean}, Rachel and {Beringue}, Benjamin and {Bhandarkar}, Tanay and {Biermann}, Emily and {Bolliet}, Boris and {Bond}, J Richard and {Cai}, Hongbo and {Calabrese}, Erminia and {Calafut}, Victoria and {Capalbo}, Valentina and {Carrero}, Felipe and {Chesmore}, Grace E. and {Cho}, Hsiao-mei and {Choi}, Steve K. and {Clark}, Susan E. and {C{\'o}rdova Rosado}, Rodrigo and {Cothard}, Nicholas F. and {Coughlin}, Kevin and {Crowley}, Kevin T. and {Devlin}, Mark J. and {Dicker}, Simon and {Doze}, Peter and {Duell}, Cody J. and {Duff}, Shannon M. and {Dunkley}, Jo and {D{\"u}nner}, Rolando and {Fanfani}, Valentina and {Fankhanel}, Max and {Farren}, Gerrit and {Ferraro}, Simone and {Freundt}, Rodrigo and {Fuzia}, Brittany and {Gallardo}, Patricio A. and {Garrido}, Xavier and {Givans}, Jahmour and {Gluscevic}, Vera and {Golec}, Joseph E. and {Guan}, Yilun and {Halpern}, Mark and {Han}, Dongwon and {Hasselfield}, Matthew and {Healy}, Erin and {Henderson}, Shawn and {Hensley}, Brandon and {Herv{\'\i}as-Caimapo}, Carlos and {Hilton}, Gene C. and {Hilton}, Matt and {Hincks}, Adam D. and {Hlo{\v{z}}ek}, Ren{\'e}e and {Ho}, Shuay-Pwu Patty and {Huber}, Zachary B. and {Hubmayr}, Johannes and {Huffenberger}, Kevin M. and {Hughes}, John P. and {Irwin}, Kent and {Isopi}, Giovanni and {Jense}, Hidde T. and {Keller}, Ben and {Kim}, Joshua and {Knowles}, Kenda and {Koopman}, Brian J. and {Kosowsky}, Arthur and {Kramer}, Darby and {Kusiak}, Aleksandra and {La Posta}, Adrien and {Lakey}, Victoria and {Lee}, Eunseong and {Li}, Zack and {Li}, Yaqiong and {Limon}, Michele and {Lokken}, Martine and {Louis}, Thibaut and {Lungu}, Marius and {MacCrann}, Niall and {MacInnis}, Amanda and {Maldonado}, Diego and {Maldonado}, Felipe and {Mallaby-Kay}, Maya and {Marques}, Gabriela A. and {van Marrewijk}, Joshiwa and {McCarthy}, Fiona and {McMahon}, Jeff and {Mehta}, Yogesh and {Menanteau}, Felipe and {Moodley}, Kavilan and {Morris}, Thomas W. and {Mroczkowski}, Tony and {Naess}, Sigurd and {Namikawa}, Toshiya and {Nati}, Federico and {Newburgh}, Laura and {Nicola}, Andrina and {Niemack}, Michael D. and {Nolta}, Michael R. and {Orlowski-Scherer}, John and {Page}, Lyman A. and {Pandey}, Shivam and {Partridge}, Bruce and {Prince}, Heather and {Puddu}, Roberto and {Qu}, Frank J. and {Radiconi}, Federico and {Robertson}, Naomi and {Rojas}, Felipe and {Sakuma}, Tai and {Salatino}, Maria and {Schaan}, Emmanuel and {Schmitt}, Benjamin L. and {Sehgal}, Neelima and {Shaikh}, Shabbir and {Sherwin}, Blake D. and {Sierra}, Carlos and {Sievers}, Jon and {Sif{\'o}n}, Crist{\'o}bal and {Simon}, Sara and {Sonka}, Rita and {Spergel}, David N. and {Staggs}, Suzanne T. and {Storer}, Emilie and {Switzer}, Eric R. and {Tampier}, Niklas and {Thornton}, Robert and {Trac}, Hy and {Treu}, Jesse and {Tucker}, Carole and {Ullom}, Joel and {Vale}, Leila R. and {Van Engelen}, Alexander and {Van Lanen}, Jeff and {Vargas}, Cristian and {Vavagiakis}, Eve M. and {Wagoner}, Kasey and {Wang}, Yuhan and {Wenzl}, Lukas and {Wollack}, Edward J. and {Xu}, Zhilei and {Zago}, Fernando and {Zheng}, Kaiwen},
  title         = {{The Atacama Cosmology Telescope: High-resolution component-separated maps across one-third of the sky}},
  journal       = {arXiv e-prints},
  keywords      = {Astrophysics - Cosmology and Nongalactic Astrophysics},
  year          = 2023,
  month         = jul,
  eid           = {arXiv:2307.01258},
  pages         = {arXiv:2307.01258},
  doi           = {10.48550/arXiv.2307.01258},
  archiveprefix = {arXiv},
  eprint        = {2307.01258},
  primaryclass  = {astro-ph.CO},
  adsurl        = {https://ui.adsabs.harvard.edu/abs/2023arXiv230701258C},
  adsnote       = {Provided by the SAO/NASA Astrophysics Data System}
}


@inproceedings{Galitzki+2018,
  doi       = {10.1117/12.2312985},
  url       = {https://doi.org/10.1117%2F12.2312985},
  year      = 2018,
  month     = {jul},
  publisher = {{SPIE}
               },
  author    = {Nicholas Galitzki and Taylor Baildon and Darcy Barron and Jacob Lashner and Adrian T. Lee and Yaqiong Li and Michele Limon and Marius Lungu and Frederick Matsuda and Philip D. Mauskopf and Andrew J. May and Nialh McCallum and Jeff McMahon and Federico Nati and Michael D. Niemack and John L. Orlowski-Scherer and Stephen C. Parshley and Lucio Piccirillo and Mayuri S. Rao and Maria Salatino and Joseph S. Seibert and Carlos Sierra and Max Silva-Feaver and Sara M. Simon and Suzanne T. Staggs and Jason R. Stevens and Aritoki Suzuki and Grant Teply and Robert Thornton and Calvin Tsai and Joel N. Ullom and Eve M. Vavagiakis and Michael R. Vissers and Benjamin Westbrook and Edward J. Wollack and Zhilei Xu and Ningfeng Zhu and Christopher Raum and Shawn Beckman and Oliver Jeong and Aamir Ali and Kam S. Arnold and Peter C. Ashton and Jason E. Austermann and Carlo Baccigalupi and James A. Beall and Sarah Marie M. Bruno and Sean Bryan and Paolo G. Calisse and Grace E. Chesmore and Yuji Chinone and Steve K. Choi and Gabriele Coppi and Kevin D. Crowley and Kevin T. Crowley and Ari Cukierman and Mark J. Devlin and Simon Dicker and Bradley Dober and Shannon M. Duff and Jo Dunkley and Giulio Fabbian and Patricio A. Gallardo and Martina Gerbino and Neil Goeckner-Wald and Joseph E. Golec and Jon Gudmundsson and Erin E. Healy and Shawn Henderson and Charles A. Hill and Gene C. Hilton and Shuay-Pwu Patty Ho and Logan A. Howe and Johannes Hubmayr and Brian Keating and Brian J. Koopman and Kenji Kuichi and Akito Kusaka},
  editor    = {Jonas Zmuidzinas and Jian-Rong Gao},
  title     = {The Simons Observatory: instrument overview},
  booktitle = {Millimeter, Submillimeter, and Far-Infrared Detectors and Instrumentation for Astronomy {IX}}
}


@article{Greenfield+2015,
  abstract  = {We present the case for developing a successor format for the immensely successful FITS format. We first review existing alternative formats and discuss why we do not believe they provide an adequate solution. The proposed format is called the Advanced Scientific Data Format (ASDF) and is based on an existing text format, YAML, that we believe removes most of the current problems with the FITS format. An overview of the capabilities of the new format is given along with specific examples. This format has the advantage that it does not limit the size of attribute names (akin to FITS keyword names) nor place restrictions on the size or type of values attributes have. Hierarchical relationships are explicit in the syntax and require no special conventions. Finally, it is capable of storing binary data within the file in its binary form. At its basic level, the format proposed has much greater applicability than for just astronomical data.},
  author    = {P. Greenfield and M. Droettboom and E. Bray},
  doi       = {10.1016/J.ASCOM.2015.06.004},
  issn      = {2213-1337},
  journal   = {Astronomy and Computing},
  keywords  = {FITS,File formats,Standards,World coordinate system},
  month     = {9},
  pages     = {240-251},
  publisher = {Elsevier},
  title     = {ASDF: A new data format for astronomy},
  volume    = {12},
  year      = {2015}
}


@article{Harris+2020,
  author        = {{Harris}, Charles R. and {Millman}, K. Jarrod and {van der Walt}, St{\'e}fan J. and {Gommers}, Ralf and {Virtanen}, Pauli and {Cournapeau}, David and {Wieser}, Eric and {Taylor}, Julian and {Berg}, Sebastian and {Smith}, Nathaniel J. and {Kern}, Robert and {Picus}, Matti and {Hoyer}, Stephan and {van Kerkwijk}, Marten H. and {Brett}, Matthew and {Haldane}, Allan and {del R{\'\i}o}, Jaime Fern{\'a}ndez and {Wiebe}, Mark and {Peterson}, Pearu and {G{\'e}rard-Marchant}, Pierre and {Sheppard}, Kevin and {Reddy}, Tyler and {Weckesser}, Warren and {Abbasi}, Hameer and {Gohlke}, Christoph and {Oliphant}, Travis E.},
  title         = {{Array programming with NumPy}},
  journal       = {\nat},
  keywords      = {Computer Science - Mathematical Software, Statistics - Computation},
  year          = 2020,
  month         = sep,
  volume        = {585},
  number        = {7825},
  pages         = {357-362},
  doi           = {10.1038/s41586-020-2649-2},
  archiveprefix = {arXiv},
  eprint        = {2006.10256},
  primaryclass  = {cs.MS},
  adsurl        = {https://ui.adsabs.harvard.edu/abs/2020Natur.585..357H},
  adsnote       = {Provided by the SAO/NASA Astrophysics Data System}
}


@article{Hart+2020,
  author        = {{Hart}, Luke and {Rotti}, Aditya and {Chluba}, Jens},
  title         = {{Sensitivity forecasts for the cosmological recombination radiation in the presence of foregrounds}},
  journal       = {\mnras},
  keywords      = {cosmic background radiation, cosmological parameters, early Universe, Astrophysics - Cosmology and Nongalactic Astrophysics},
  year          = 2020,
  month         = oct,
  volume        = {497},
  number        = {4},
  pages         = {4535-4548},
  doi           = {10.1093/mnras/staa2255},
  archiveprefix = {arXiv},
  eprint        = {2006.04826},
  primaryclass  = {astro-ph.CO},
  adsurl        = {https://ui.adsabs.harvard.edu/abs/2020MNRAS.497.4535H},
  adsnote       = {Provided by the SAO/NASA Astrophysics Data System}
}


@article{Hunter2007,
  author   = {{Hunter}, John D.},
  title    = {{Matplotlib: A 2D Graphics Environment}},
  journal  = {Computing in Science and Engineering},
  keywords = {Python, Scripting languages, Application development, Scientific programming},
  year     = 2007,
  month    = may,
  volume   = {9},
  number   = {3},
  pages    = {90-95},
  doi      = {10.1109/MCSE.2007.55},
  adsurl   = {https://ui.adsabs.harvard.edu/abs/2007CSE.....9...90H},
  adsnote  = {Provided by the SAO/NASA Astrophysics Data System}
}


@misc{interpolated-coordinates,
  author    = {Nathaniel Starkman},
  title     = {nstarman/interpolated-coordinates: v0.1},
  month     = jan,
  year      = 2023,
  publisher = {Zenodo},
  version   = {v0.1},
  doi       = {10.5281/zenodo.7567111},
  url       = {https://doi.org/10.5281/zenodo.7567111}
}


@article{Jungman+1996,
  author        = {{Jungman}, Gerard and {Kamionkowski}, Marc and {Kosowsky}, Arthur and {Spergel}, David N.},
  title         = {{Cosmological-parameter determination with microwave background maps}},
  journal       = {\prd},
  keywords      = {98.70.Vc, 98.80.Bp, 98.80.Es, Background radiations, Origin and formation of the Universe, Observational cosmology, Astrophysics, High Energy Physics - Phenomenology},
  year          = 1996,
  month         = jul,
  volume        = {54},
  number        = {2},
  pages         = {1332-1344},
  doi           = {10.1103/PhysRevD.54.1332},
  archiveprefix = {arXiv},
  eprint        = {astro-ph/9512139},
  primaryclass  = {astro-ph},
  adsurl        = {https://ui.adsabs.harvard.edu/abs/1996PhRvD..54.1332J},
  adsnote       = {Provided by the SAO/NASA Astrophysics Data System}
}


@article{Kamionkowski+1997,
  author        = {{Kamionkowski}, Marc and {Kosowsky}, Arthur and {Stebbins}, Albert},
  title         = {{Statistics of cosmic microwave background polarization}},
  journal       = {\prd},
  keywords      = {98.70.Vc, 98.80.Cq, Background radiations, Particle-theory and field-theory models of the early Universe, Astrophysics, High Energy Physics - Phenomenology},
  year          = 1997,
  month         = jun,
  volume        = {55},
  number        = {12},
  pages         = {7368-7388},
  doi           = {10.1103/PhysRevD.55.7368},
  archiveprefix = {arXiv},
  eprint        = {astro-ph/9611125},
  primaryclass  = {astro-ph},
  adsurl        = {https://ui.adsabs.harvard.edu/abs/1997PhRvD..55.7368K},
  adsnote       = {Provided by the SAO/NASA Astrophysics Data System}
}


@article{Khatri+2012,
  author        = {{Khatri}, R. and {Sunyaev}, R.~A. and {Chluba}, J.},
  title         = {{Mixing of blackbodies: entropy production and dissipation of sound waves in the early Universe}},
  journal       = {\aap},
  keywords      = {cosmic background radiation, cosmology: theory, early Universe, Astrophysics - Cosmology and Extragalactic Astrophysics},
  year          = 2012,
  month         = jul,
  volume        = {543},
  eid           = {A136},
  pages         = {A136},
  doi           = {10.1051/0004-6361/201219590},
  archiveprefix = {arXiv},
  eprint        = {1205.2871},
  primaryclass  = {astro-ph.CO},
  adsurl        = {https://ui.adsabs.harvard.edu/abs/2012A&A...543A.136K},
  adsnote       = {Provided by the SAO/NASA Astrophysics Data System}
}


@article{Kite+2022,
  author        = {{Kite}, Thomas and {Ravenni}, Andrea and {Chluba}, Jens},
  title         = {{Spectro-spatial evolution of the CMB III: transfer functions, power spectra and Fisher forecasts}},
  journal       = {arXiv e-prints},
  keywords      = {Astrophysics - Cosmology and Nongalactic Astrophysics},
  year          = 2022,
  month         = dec,
  eid           = {arXiv:2212.02817},
  pages         = {arXiv:2212.02817},
  doi           = {10.48550/arXiv.2212.02817},
  archiveprefix = {arXiv},
  eprint        = {2212.02817},
  primaryclass  = {astro-ph.CO},
  adsurl        = {https://ui.adsabs.harvard.edu/abs/2022arXiv221202817K},
  adsnote       = {Provided by the SAO/NASA Astrophysics Data System}
}


@article{KleinNishina1929,
  author  = {{Klein}, O. and {Nishina}, T.},
  title   = {{{\"U}ber die Streuung von Strahlung durch freie Elektronen nach der neuen relativistischen Quantendynamik von Dirac}},
  journal = {Zeitschrift fur Physik},
  year    = 1929,
  month   = nov,
  volume  = {52},
  number  = {11-12},
  pages   = {853-868},
  doi     = {10.1007/BF01366453},
  adsurl  = {https://ui.adsabs.harvard.edu/abs/KleinNishina1929},
  adsnote = {Provided by the SAO/NASA Astrophysics Data System}
}


@incollection{KleinNishina1994,
  author    = {{Klein}, O. and {Nishina}, Y.},
  title     = {{On the Scattering of Radiation by Free Electrons According to Dirac's New Relativistic Quantum Dynamics}},
  booktitle = {The Oskar Klein Memorial Lectures, Vol. 2},
  year      = 1994,
  pages     = {113-129},
  doi       = {10.1142/9789814335911_0006},
  publisher = {World Scientific Publishing Co},
  adsurl    = {https://ui.adsabs.harvard.edu/abs/1994okml.book..113K},
  adsnote   = {Provided by the SAO/NASA Astrophysics Data System}
}



@article{Kogut+2011,
  author        = {{Kogut}, A. and {Fixsen}, D.~J. and {Chuss}, D.~T. and {Dotson}, J. and {Dwek}, E. and {Halpern}, M. and {Hinshaw}, G.~F. and {Meyer}, S.~M. and {Moseley}, S.~H. and {Seiffert}, M.~D. and {Spergel}, D.~N. and {Wollack}, E.~J.},
  title         = {{The Primordial Inflation Explorer (PIXIE): a nulling polarimeter for cosmic microwave background observations}},
  journal       = {\jcap},
  keywords      = {Astrophysics - Cosmology and Nongalactic Astrophysics, Astrophysics - Instrumentation and Methods for Astrophysics},
  year          = 2011,
  month         = jul,
  volume        = {2011},
  number        = {7},
  eid           = {025},
  pages         = {025},
  doi           = {10.1088/1475-7516/2011/07/025},
  archiveprefix = {arXiv},
  eprint        = {1105.2044},
  primaryclass  = {astro-ph.CO},
  adsurl        = {https://ui.adsabs.harvard.edu/abs/2011JCAP...07..025K},
  adsnote       = {Provided by the SAO/NASA Astrophysics Data System}
}


@article{Lucca+2020,
  doi       = {10.1088/1475-7516/2020/02/026},
  url       = {https://doi.org/10.1088%2F1475-7516%2F2020%2F02%2F026},
  year      = 2020,
  month     = {feb},
  publisher = {{IOP} Publishing},
  volume    = {2020},
  number    = {02},
  pages     = {026--026},
  author    = {{Lucca}, Matteo and {Schöneberg}, Nils and {Hooper}, Deanna C. and {Lesgourgues}, Julien and {Chluba}, Jens},
  title     = {The synergy between {CMB} spectral distortions and anisotropies},
  journal   = {Journal of Cosmology and Astroparticle Physics}
}


@article{Luger+2021,
  author        = { {Luger}, Rodrigo and {Bedell}, Megan and {Foreman-Mackey}, Daniel and {Crossfield}, Ian J.~M. and {Zhao}, Lily L. and {Hogg}, David W.},
  title         = {{Mapping stellar surfaces III: An Efficient, Scalable, and Open-Source Doppler Imaging Model}},
  journal       = {arXiv e-prints},
  keywords      = {Astrophysics - Solar and Stellar Astrophysics, Astrophysics - Earth and Planetary Astrophysics, Astrophysics - Instrumentation and Methods for Astrophysics},
  year          = 2021,
  month         = oct,
  eid           = {arXiv:2110.06271},
  pages         = {arXiv:2110.06271},
  archiveprefix = {arXiv},
  eprint        = {2110.06271},
  primaryclass  = {astro-ph.SR},
  adsurl        = {https://ui.adsabs.harvard.edu/abs/2021arXiv211006271L},
  adsnote       = {Provided by the SAO/NASA Astrophysics Data System}
}


@article{Planck2018parameters,
  author        = {{Planck Collaboration} and {Aghanim}, N. and {Akrami}, Y. and {Ashdown}, M. and {Aumont}, J. and {Baccigalupi}, C. and {Ballardini}, M. and {Banday}, A.~J. and {Barreiro}, R.~B. and {Bartolo}, N. and {Basak}, S. and {Battye}, R. and {Benabed}, K. and {Bernard}, J. -P. and {Bersanelli}, M. and {Bielewicz}, P. and {Bock}, J.~J. and {Bond}, J.~R. and {Borrill}, J. and {Bouchet}, F.~R. and {Boulanger}, F. and {Bucher}, M. and {Burigana}, C. and {Butler}, R.~C. and {Calabrese}, E. and {Cardoso}, J. -F. and {Carron}, J. and {Challinor}, A. and {Chiang}, H.~C. and {Chluba}, J. and {Colombo}, L.~P.~L. and {Combet}, C. and {Contreras}, D. and {Crill}, B.~P. and {Cuttaia}, F. and {de Bernardis}, P. and {de Zotti}, G. and {Delabrouille}, J. and {Delouis}, J. -M. and {Di Valentino}, E. and {Diego}, J.~M. and {Dor{\'e}}, O. and {Douspis}, M. and {Ducout}, A. and {Dupac}, X. and {Dusini}, S. and {Efstathiou}, G. and {Elsner}, F. and {En{\ss}lin}, T.~A. and {Eriksen}, H.~K. and {Fantaye}, Y. and {Farhang}, M. and {Fergusson}, J. and {Fernandez-Cobos}, R. and {Finelli}, F. and {Forastieri}, F. and {Frailis}, M. and {Fraisse}, A.~A. and {Franceschi}, E. and {Frolov}, A. and {Galeotta}, S. and {Galli}, S. and {Ganga}, K. and {G{\'e}nova-Santos}, R.~T. and {Gerbino}, M. and {Ghosh}, T. and {Gonz{\'a}lez-Nuevo}, J. and {G{\'o}rski}, K.~M. and {Gratton}, S. and {Gruppuso}, A. and {Gudmundsson}, J.~E. and {Hamann}, J. and {Handley}, W. and {Hansen}, F.~K. and {Herranz}, D. and {Hildebrandt}, S.~R. and {Hivon}, E. and {Huang}, Z. and {Jaffe}, A.~H. and {Jones}, W.~C. and {Karakci}, A. and {Keih{\"a}nen}, E. and {Keskitalo}, R. and {Kiiveri}, K. and {Kim}, J. and {Kisner}, T.~S. and {Knox}, L. and {Krachmalnicoff}, N. and {Kunz}, M. and {Kurki-Suonio}, H. and {Lagache}, G. and {Lamarre}, J. -M. and {Lasenby}, A. and {Lattanzi}, M. and {Lawrence}, C.~R. and {Le Jeune}, M. and {Lemos}, P. and {Lesgourgues}, J. and {Levrier}, F. and {Lewis}, A. and {Liguori}, M. and {Lilje}, P.~B. and {Lilley}, M. and {Lindholm}, V. and {L{\'o}pez-Caniego}, M. and {Lubin}, P.~M. and {Ma}, Y. -Z. and {Mac{\'\i}as-P{\'e}rez}, J.~F. and {Maggio}, G. and {Maino}, D. and {Mandolesi}, N. and {Mangilli}, A. and {Marcos-Caballero}, A. and {Maris}, M. and {Martin}, P.~G. and {Martinelli}, M. and {Mart{\'\i}nez-Gonz{\'a}lez}, E. and {Matarrese}, S. and {Mauri}, N. and {McEwen}, J.~D. and {Meinhold}, P.~R. and {Melchiorri}, A. and {Mennella}, A. and {Migliaccio}, M. and {Millea}, M. and {Mitra}, S. and {Miville-Desch{\^e}nes}, M. -A. and {Molinari}, D. and {Montier}, L. and {Morgante}, G. and {Moss}, A. and {Natoli}, P. and {N{\o}rgaard-Nielsen}, H.~U. and {Pagano}, L. and {Paoletti}, D. and {Partridge}, B. and {Patanchon}, G. and {Peiris}, H.~V. and {Perrotta}, F. and {Pettorino}, V. and {Piacentini}, F. and {Polastri}, L. and {Polenta}, G. and {Puget}, J. -L. and {Rachen}, J.~P. and {Reinecke}, M. and {Remazeilles}, M. and {Renzi}, A. and {Rocha}, G. and {Rosset}, C. and {Roudier}, G. and {Rubi{\~n}o-Mart{\'\i}n}, J.~A. and {Ruiz-Granados}, B. and {Salvati}, L. and {Sandri}, M. and {Savelainen}, M. and {Scott}, D. and {Shellard}, E.~P.~S. and {Sirignano}, C. and {Sirri}, G. and {Spencer}, L.~D. and {Sunyaev}, R. and {Suur-Uski}, A. -S. and {Tauber}, J.~A. and {Tavagnacco}, D. and {Tenti}, M. and {Toffolatti}, L. and {Tomasi}, M. and {Trombetti}, T. and {Valenziano}, L. and {Valiviita}, J. and {Van Tent}, B. and {Vibert}, L. and {Vielva}, P. and {Villa}, F. and {Vittorio}, N. and {Wandelt}, B.~D. and {Wehus}, I.~K. and {White}, M. and {White}, S.~D.~M. and {Zacchei}, A. and {Zonca}, A.},
  title         = {{Planck 2018 results. VI. Cosmological parameters}},
  journal       = {\aap},
  keywords      = {cosmic background radiation, cosmological parameters, Astrophysics - Cosmology and Nongalactic Astrophysics},
  year          = 2020,
  month         = sep,
  volume        = {641},
  eid           = {A6},
  pages         = {A6},
  doi           = {10.1051/0004-6361/201833910},
  archiveprefix = {arXiv},
  eprint        = {1807.06209},
  primaryclass  = {astro-ph.CO},
  adsurl        = {https://ui.adsabs.harvard.edu/abs/2020A&A...641A...6P},
  adsnote       = {Provided by the SAO/NASA Astrophysics Data System}
}


@article{Planck2018stats,
  author        = {{Planck Collaboration} and {Akrami}, Y. and {Ashdown}, M. and {Aumont}, J. and {Baccigalupi}, C. and {Ballardini}, M. and {Banday}, A.~J. and {Barreiro}, R.~B. and {Bartolo}, N. and {Basak}, S. and {Benabed}, K. and {Bersanelli}, M. and {Bielewicz}, P. and {Bock}, J.~J. and {Bond}, J.~R. and {Borrill}, J. and {Bouchet}, F.~R. and {Boulanger}, F. and {Bucher}, M. and {Burigana}, C. and {Butler}, R.~C. and {Calabrese}, E. and {Cardoso}, J. -F. and {Casaponsa}, B. and {Chiang}, H.~C. and {Colombo}, L.~P.~L. and {Combet}, C. and {Contreras}, D. and {Crill}, B.~P. and {de Bernardis}, P. and {de Zotti}, G. and {Delabrouille}, J. and {Delouis}, J. -M. and {Di Valentino}, E. and {Diego}, J.~M. and {Dor{\'e}}, O. and {Douspis}, M. and {Ducout}, A. and {Dupac}, X. and {Efstathiou}, G. and {Elsner}, F. and {En{\ss}lin}, T.~A. and {Eriksen}, H.~K. and {Fantaye}, Y. and {Fernandez-Cobos}, R. and {Finelli}, F. and {Frailis}, M. and {Fraisse}, A.~A. and {Franceschi}, E. and {Frolov}, A. and {Galeotta}, S. and {Galli}, S. and {Ganga}, K. and {G{\'e}nova-Santos}, R.~T. and {Gerbino}, M. and {Ghosh}, T. and {Gonz{\'a}lez-Nuevo}, J. and {G{\'o}rski}, K.~M. and {Gruppuso}, A. and {Gudmundsson}, J.~E. and {Hamann}, J. and {Handley}, W. and {Hansen}, F.~K. and {Herranz}, D. and {Hivon}, E. and {Huang}, Z. and {Jaffe}, A.~H. and {Jones}, W.~C. and {Keih{\"a}nen}, E. and {Keskitalo}, R. and {Kiiveri}, K. and {Kim}, J. and {Krachmalnicoff}, N. and {Kunz}, M. and {Kurki-Suonio}, H. and {Lagache}, G. and {Lamarre}, J. -M. and {Lasenby}, A. and {Lattanzi}, M. and {Lawrence}, C.~R. and {Le Jeune}, M. and {Levrier}, F. and {Liguori}, M. and {Lilje}, P.~B. and {Lindholm}, V. and {L{\'o}pez-Caniego}, M. and {Ma}, Y. -Z. and {Mac{\'\i}as-P{\'e}rez}, J.~F. and {Maggio}, G. and {Maino}, D. and {Mandolesi}, N. and {Mangilli}, A. and {Marcos-Caballero}, A. and {Maris}, M. and {Martin}, P.~G. and {Mart{\'\i}nez-Gonz{\'a}lez}, E. and {Matarrese}, S. and {Mauri}, N. and {McEwen}, J.~D. and {Meinhold}, P.~R. and {Mennella}, A. and {Migliaccio}, M. and {Miville-Desch{\^e}nes}, M. -A. and {Molinari}, D. and {Moneti}, A. and {Montier}, L. and {Morgante}, G. and {Moss}, A. and {Natoli}, P. and {Pagano}, L. and {Paoletti}, D. and {Partridge}, B. and {Perrotta}, F. and {Pettorino}, V. and {Piacentini}, F. and {Polenta}, G. and {Puget}, J. -L. and {Rachen}, J.~P. and {Reinecke}, M. and {Remazeilles}, M. and {Renzi}, A. and {Rocha}, G. and {Rosset}, C. and {Roudier}, G. and {Rubi{\~n}o-Mart{\'\i}n}, J.~A. and {Ruiz-Granados}, B. and {Salvati}, L. and {Savelainen}, M. and {Scott}, D. and {Shellard}, E.~P.~S. and {Sirignano}, C. and {Sunyaev}, R. and {Suur-Uski}, A. -S. and {Tauber}, J.~A. and {Tavagnacco}, D. and {Tenti}, M. and {Toffolatti}, L. and {Tomasi}, M. and {Trombetti}, T. and {Valenziano}, L. and {Valiviita}, J. and {Van Tent}, B. and {Vielva}, P. and {Villa}, F. and {Vittorio}, N. and {Wandelt}, B.~D. and {Wehus}, I.~K. and {Zacchei}, A. and {Zibin}, J.~P. and {Zonca}, A.},
  title         = {{Planck 2018 results. VII. Isotropy and statistics of the CMB}},
  journal       = {\aap},
  keywords      = {cosmology: observations, cosmic background radiation, polarization, methods: data analysis, methods: statistical, Astrophysics - Cosmology and Nongalactic Astrophysics},
  year          = 2020,
  month         = sep,
  volume        = {641},
  eid           = {A7},
  pages         = {A7},
  doi           = {10.1051/0004-6361/201935201},
  archiveprefix = {arXiv},
  eprint        = {1906.02552},
  primaryclass  = {astro-ph.CO},
  adsurl        = {https://ui.adsabs.harvard.edu/abs/2020A&A...641A...7P},
  adsnote       = {Provided by the SAO/NASA Astrophysics Data System}
}



@article{Schwarz+2015,
  author        = {Schwarz, Dominik J. and Copi, Craig J. and Huterer, Dragan and Starkman, Glenn D.},
  title         = {{CMB Anomalies after Planck}},
  eprint        = {1510.07929},
  archiveprefix = {arXiv},
  primaryclass  = {astro-ph.CO},
  doi           = {10.1088/0264-9381/33/18/184001},
  journal       = {Class. Quant. Grav.},
  volume        = {33},
  number        = {18},
  pages         = {184001},
  year          = {2016}
}


@article{Scipy2020,
  author        = {{Virtanen}, Pauli and {Gommers}, Ralf and {Oliphant}, Travis E. and {Haberland}, Matt and {Reddy}, Tyler and {Cournapeau}, David and {Burovski}, Evgeni and {Peterson}, Pearu and {Weckesser}, Warren and {Bright}, Jonathan and {van der Walt}, St{\'e}fan J. and {Brett}, Matthew and {Wilson}, Joshua and {Millman}, K. Jarrod and {Mayorov}, Nikolay and {Nelson}, Andrew R.~J. and {Jones}, Eric and {Kern}, Robert and {Larson}, Eric and {Carey}, C.~J. and {Polat}, {\.I}lhan and {Feng}, Yu and {Moore}, Eric W. and {VanderPlas}, Jake and {Laxalde}, Denis and {Perktold}, Josef and {Cimrman}, Robert and {Henriksen}, Ian and {Quintero}, E.~A. and {Harris}, Charles R. and {Archibald}, Anne M. and {Ribeiro}, Ant{\^o}nio H. and {Pedregosa}, Fabian and {van Mulbregt}, Paul and {SciPy 1. 0 Contributors}},
  title         = {{SciPy 1.0: fundamental algorithms for scientific computing in Python}},
  journal       = {Nature Methods},
  keywords      = {Computer Science - Mathematical Software, Computer Science - Data Structures and Algorithms, Computer Science - Software Engineering, Physics - Computational Physics},
  year          = 2020,
  month         = feb,
  volume        = {17},
  pages         = {261-272},
  doi           = {10.1038/s41592-019-0686-2},
  archiveprefix = {arXiv},
  eprint        = {1907.10121},
  primaryclass  = {cs.MS},
  adsurl        = {https://ui.adsabs.harvard.edu/abs/2020NatMe..17..261V},
  adsnote       = {Provided by the SAO/NASA Astrophysics Data System}
}


@article{SPTymap,
  author        = {{Bleem}, L.~E. and {Crawford}, T.~M. and {Ansarinejad}, B. and {Benson}, B.~A. and {Bocquet}, S. and {Carlstrom}, J.~E. and {Chang}, C.~L. and {Chown}, R. and {Crites}, A.~T. and {de Haan}, T. and {Dobbs}, M.~A. and {Everett}, W.~B. and {George}, E.~M. and {Gualtieri}, R. and {Halverson}, N.~W. and {Holder}, G.~P. and {Holzapfel}, W.~L. and {Hrubes}, J.~D. and {Knox}, L. and {Lee}, A.~T. and {Luong-Van}, D. and {Marrone}, D.~P. and {McMahon}, J.~J. and {Meyer}, S.~S. and {Millea}, M. and {Mocanu}, L.~M. and {Mohr}, J.~J. and {Natoli}, T. and {Omori}, Y. and {Padin}, S. and {Pryke}, C. and {Raghunathan}, S. and {Reichardt}, C.~L. and {Ruhl}, J.~E. and {Schaffer}, K.~K. and {Shirokoff}, E. and {Staniszewski}, Z. and {Stark}, A.~A. and {Vieira}, J.~D. and {Williamson}, R.},
  title         = {{CMB/kSZ and Compton-y Maps from 2500 deg$^{2}$ of SPT-SZ and Planck Survey Data}},
  journal       = {\apjs},
  keywords      = {Cosmic background radiation, Large-scale structure of the universe, Galaxy clusters, 317, 902, 584, Astrophysics - Cosmology and Nongalactic Astrophysics, Astrophysics - Astrophysics of Galaxies},
  year          = 2022,
  month         = feb,
  volume        = {258},
  number        = {2},
  eid           = {36},
  pages         = {36},
  doi           = {10.3847/1538-4365/ac35e9},
  archiveprefix = {arXiv},
  eprint        = {2102.05033},
  primaryclass  = {astro-ph.CO},
  adsurl        = {https://ui.adsabs.harvard.edu/abs/2022ApJS..258...36B},
  adsnote       = {Provided by the SAO/NASA Astrophysics Data System}
}


@article{SunyaevKhatri2013,
  author        = {{Sunyaev}, Rashid A. and {Khatri}, Rishi},
  title         = {{Unavoidable CMB Spectral Features and Blackbody Photosphere of Our Universe}},
  journal       = {International Journal of Modern Physics D},
  keywords      = {Cosmology, origin and formation of the Universe, background radiations, observational cosmology, intergalactic matter, 98.80.-k, 98.80.Bp, 98.70.Vc, 98.80.Es, 98.62.Ra, Cosmology, Origin and formation of the Universe, Background radiations, Observational cosmology, Intergalactic matter, quasar absorption and emission-line systems, Lyman forest, Astrophysics - Cosmology and Extragalactic Astrophysics, High Energy Physics - Phenomenology},
  year          = 2013,
  month         = jun,
  volume        = {22},
  number        = {7},
  eid           = {1330014},
  pages         = {1330014},
  doi           = {10.1142/S0218271813300140},
  archiveprefix = {arXiv},
  eprint        = {1302.6553},
  primaryclass  = {astro-ph.CO},
  adsurl        = {https://ui.adsabs.harvard.edu/abs/2013IJMPD..2230014S},
  adsnote       = {Provided by the SAO/NASA Astrophysics Data System}
}


@article{YadavWandelt2005,
  author        = {{Yadav}, Amit P. and {Wandelt}, Benjamin D.},
  title         = {{CMB tomography: Reconstruction of adiabatic primordial scalar potential using temperature and polarization maps}},
  journal       = {\prd},
  keywords      = {98.70.Vc, 95.85.Bh, 98.80.Bp, 98.80.Cq, Background radiations, Radio microwave, Origin and formation of the Universe, Particle-theory and field-theory models of the early Universe, Astrophysics},
  year          = 2005,
  month         = jun,
  volume        = {71},
  number        = {12},
  eid           = {123004},
  pages         = {123004},
  doi           = {10.1103/PhysRevD.71.123004},
  archiveprefix = {arXiv},
  eprint        = {astro-ph/0505386},
  primaryclass  = {astro-ph},
  adsurl        = {https://ui.adsabs.harvard.edu/abs/2005PhRvD..71l3004Y},
  adsnote       = {Provided by the SAO/NASA Astrophysics Data System}
}


@article{Zeldovich+1972,
  author  = {{Zel'dovich}, Ya. B. and {Illarionov}, A.~F. and {Syunyaev}, R.~A.},
  title   = {{The Effect of Energy Release on the Emission Spectrum in a Hot Universe}},
  journal = {Soviet Journal of Experimental and Theoretical Physics},
  year    = 1972,
  month   = jan,
  volume  = {35},
  pages   = {643},
  adsurl  = {https://ui.adsabs.harvard.edu/abs/1972JETP...35..643Z},
  adsnote = {Provided by the SAO/NASA Astrophysics Data System}
}